@misc{kaggleDataset,
    title = {Amazon Fine Food Reviews},
    url = {https://www.kaggle.com/snap/amazon-fine-food-reviews},
    year = {2017},
    author = {Stanford Network Analysis Project},
    publisher = {Kaggle}
}

@misc{mcauley2013amateurs,
      title={From Amateurs to Connoisseurs: Modeling the Evolution of User Expertise through Online Reviews}, 
      author={Julian McAuley and Jure Leskovec},
      year={2013},
      eprint={1303.4402},
      archivePrefix={arXiv},
      primaryClass={cs.SI}
}

@misc{slides,
  author={Gabriella Pasi and Marco Viviani},
  title = {Lecture notes and slides of Text mining and Search course},
  year = 2021
}

@Manual{Python,
 author = {Python Core Team},
 title = {Python: A dynamic, open source programming language},
 year = {2015},
 organization = {Python Software Foundation},
 url={https://www.python.org/.}
} 